<?xml version='1.0' encoding='utf-8'?>
<record xmlns="http://www.loc.gov/MARC21/slim" xmlns:xsi="http://www.w3.org/2001/XMLSchema-instance">
  <leader>00000cim^a2200373^a^4500</leader>
  <controlfield tag="001">005051372</controlfield>
  <controlfield tag="005">20061002144048.0</controlfield>
  <controlfield tag="007">sd^fsngnnmmned</controlfield>
  <controlfield tag="008">050818s2005^^^^caunnn^^^^^^^^^b^^^^eng^d</controlfield>
  <datafield tag="020" ind1=" " ind2=" ">
    <subfield code="a">1904859313</subfield>
  </datafield>
  <datafield tag="028" ind1="0" ind2="2">
    <subfield code="a">Virus 332CD</subfield>
    <subfield code="b">Mordam Records/Alternative Tentacles</subfield>
  </datafield>
  <datafield tag="028" ind1="0" ind2="2">
    <subfield code="a">AKA 045CD</subfield>
    <subfield code="b">AK Press</subfield>
  </datafield>
  <datafield tag="035" ind1=" " ind2=" ">
    <subfield code="a">(OCoLC)ocm61284430</subfield>
  </datafield>
  <datafield tag="040" ind1=" " ind2=" ">
    <subfield code="a">NOC</subfield>
    <subfield code="c">NOC</subfield>
    <subfield code="d">NOC</subfield>
  </datafield>
  <datafield tag="049" ind1=" " ind2=" ">
    <subfield code="a">BEUA</subfield>
  </datafield>
  <datafield tag="245" ind1="0" ind2="0">
    <subfield code="a">Robert F. Williams</subfield>
    <subfield code="h">[sound recording] :</subfield>
    <subfield code="b">self-defense, self-respect, &amp; self-determination /</subfield>
    <subfield code="c">as told by Mabel Williams.</subfield>
  </datafield>
  <datafield tag="260" ind1=" " ind2=" ">
    <subfield code="a">San Francisco, CA :</subfield>
    <subfield code="b">Freedom Archives,</subfield>
    <subfield code="c">c2005.</subfield>
  </datafield>
  <datafield tag="300" ind1=" " ind2=" ">
    <subfield code="a">1 sound disc (1:15:33) :</subfield>
    <subfield code="b">sd., col. ;</subfield>
    <subfield code="c">4 3/4 in.</subfield>
  </datafield>
  <datafield tag="518" ind1=" " ind2=" ">
    <subfield code="a">Recorded in Oakland, California by AK Press Audio; distributed by Mordam Records/Alternative Tentacles.</subfield>
  </datafield>
  <datafield tag="511" ind1="0" ind2=" ">
    <subfield code="a">Narrator, Sele Nadel-Hayes; speaker:Mabel Williams.</subfield>
  </datafield>
  <datafield tag="508" ind1=" " ind2=" ">
    <subfield code="a">Reseach and production by Andres Alegria, Lincoln Bergman, Rachel Herzing, Claude Marks &amp; Sele Nadel-Hayes. Master &amp; sound sweetening by Greg Landau &amp; John Greenham.</subfield>
  </datafield>
  <datafield tag="538" ind1=" " ind2=" ">
    <subfield code="a">Compact disc.</subfield>
  </datafield>
  <datafield tag="520" ind1=" " ind2=" ">
    <subfield code="a">Tells the story of Robert Williams through an exclusive interview with his widow, Mabel Williams. Features rare speeches, interviews and radio broadcasts of Radio Free Dixie.</subfield>
  </datafield>
  <datafield tag="505" ind1="0" ind2=" ">
    <subfield code="a">Introduction (1:38) -- The Williams' beginnings (4:12) -- The American tradition of freedom through guns (2:03) -- Organizing the NAACP against segregation in Monroe (1955-1961) (2:26) -- Armed self-defense as a right (3:28) -- The rifle club and the 10-point program (1957) (1:50) -- The Crusader newsletter (1959 on) (1:17) -- Racism, blackness, and the "kissing" case (1958-59) (2:45) -- The relationship with Malcolm X (1959/60) (1:48) -- The Cuban revolution (1959 on) (3:36) -- The swimming pool desegragation campaign (1957-1961) (2:11) -- The KKK mobilizes and attacks Monroe (4:05) -- Klan attempts to kill Robert (1961) (2:14) -- The Freedome Riders come to Monroe (1961) (1:27) -- The so-called kidnapping and leaving Monroe (1961) (6:15) -- To Cuba and the Crusader in exile (1961 on) (2:50) -- Radio Free Dixie (1962-1965) (3:26) -- The Birmingham church bombing - from Radio Free Dixie (1963) (5:04) -- The age of revolution and urban rebellion (3:28) -- China, the Soviet Union, and transition (4:45) -- Black power speech (1966) (2:21) -- The Vietnam War and black liberation (4:16) -- Tanzania and repatriation (1968/69) (2:57) -- Homecoming (1969) (2:44) -- Postscript - The struggle continues (2:15).</subfield>
  </datafield>
  <datafield tag="500" ind1=" " ind2=" ">
    <subfield code="a">Accompanied by Robert and Mabel Williams resource guide.</subfield>
  </datafield>
  <datafield tag="600" ind1="1" ind2="0">
    <subfield code="a">Williams, Robert F.</subfield>
    <subfield code="q">(Robert Franklin),</subfield>
    <subfield code="d">1925-1996.</subfield>
  </datafield>
  <datafield tag="600" ind1="1" ind2="0">
    <subfield code="a">Williams, Mabel R.</subfield>
  </datafield>
  <datafield tag="650" ind1=" " ind2="0">
    <subfield code="a">Black power</subfield>
    <subfield code="z">United States</subfield>
    <subfield code="x">History</subfield>
    <subfield code="y">20th century.</subfield>
  </datafield>
  <datafield tag="650" ind1=" " ind2="0">
    <subfield code="a">Black militant organizations</subfield>
    <subfield code="z">United States</subfield>
    <subfield code="x">History.</subfield>
  </datafield>
  <datafield tag="650" ind1=" " ind2="0">
    <subfield code="a">Radicals</subfield>
    <subfield code="z">United States</subfield>
    <subfield code="v">Biography.</subfield>
  </datafield>
  <datafield tag="650" ind1=" " ind2="0">
    <subfield code="a">Revolutionaries</subfield>
    <subfield code="z">United States</subfield>
    <subfield code="v">Biography.</subfield>
  </datafield>
  <datafield tag="650" ind1=" " ind2="0">
    <subfield code="a">African Americans</subfield>
    <subfield code="z">North Carolina</subfield>
    <subfield code="v">Biography.</subfield>
  </datafield>
  <datafield tag="651" ind1=" " ind2="0">
    <subfield code="a">North Carolina</subfield>
    <subfield code="v">Biography.</subfield>
  </datafield>
  <datafield tag="700" ind1="1" ind2=" ">
    <subfield code="a">Williams, Mabel R.</subfield>
  </datafield>
  <datafield tag="710" ind1="2" ind2=" ">
    <subfield code="a">Freedom Archives (Firm)</subfield>
  </datafield>
  <datafield tag="852" ind1="8" ind2=" ">
    <subfield code="a">MiU-H</subfield>
    <subfield code="b">BENT</subfield>
    <subfield code="h">05107 Aa 2</subfield>
  </datafield>
  <datafield tag="997" ind1=" " ind2=" ">
    <subfield code="a">MARS</subfield>
  </datafield>
  <datafield tag="998" ind1=" " ind2=" ">
    <subfield code="c">LAC</subfield>
  </datafield>
  <datafield tag="955" ind1=" " ind2=" ">
    <subfield code="b">BENT</subfield>
    <subfield code="p">B2377467</subfield>
  </datafield>
</record>
